<record xmlns="http://www.loc.gov/MARC21/slim" xmlns:xsi="http://www.w3.org/2001/XMLSchema-instance" xsi:schemaLocation="http://www.loc.gov/MARC21/slim http://www.loc.gov/standards/marcxml/schema/MARC21slim.xsd"><leader>02514nam a2200445   4500</leader><controlfield tag="001">7683042</controlfield><controlfield tag="003">NIC</controlfield><controlfield tag="006">m        d        </controlfield><controlfield tag="007">cr cn |||m|||a</controlfield><controlfield tag="008">150113s1887    le      o     001 0 arard</controlfield><datafield ind1=" " ind2=" " tag="040"><subfield code="a">NNU</subfield><subfield code="b">eng</subfield><subfield code="e">rda</subfield><subfield code="c">NNU</subfield></datafield><datafield ind1=" " ind2="4" tag="050"><subfield code="a">PJ7750.M8</subfield><subfield code="b">A6 1887</subfield></datafield><datafield ind1="1" ind2=" " tag="100"><subfield code="6">880-01</subfield><subfield code="a">Mutanabbi&#772;, Abu&#772; al-T&#803;ayyib Ah&#803;mad ibn al-H&#803;usayn,</subfield><subfield code="d">915 or 916-965,</subfield><subfield code="e">author.</subfield></datafield><datafield ind1="1" ind2="0" tag="240"><subfield code="6">880-02</subfield><subfield code="a">&#699;Arf al-t&#803;ayyib fi&#772; sharh&#803; di&#772;wa&#772;n Abi&#772; al-T&#803;ayyib</subfield></datafield><datafield ind1="1" ind2="0" tag="245"><subfield code="6">880-03</subfield><subfield code="a">Kita&#772;b al-&#699;arf al-t&#803;ayyib fi&#772; sharh&#803; di&#772;wa&#772;n Abi&#772; al-T&#803;ayyib /</subfield><subfield code="c">li-Na&#772;s&#803;i&#772;f al-Ya&#772;ziji&#772; al-Lubna&#772;ni&#772;.</subfield></datafield><datafield ind1="3" ind2="0" tag="246"><subfield code="6">880-04</subfield><subfield code="a">&#699;Arf al-t&#803;ayyib fi&#772; sharh&#803; di&#772;wa&#772;n Abi&#772; al-T&#803;ayyib</subfield></datafield><datafield ind1=" " ind2="3" tag="264"><subfield code="6">880-05</subfield><subfield code="a">Bayru&#772;t :</subfield><subfield code="b">Al-Mat&#803;ba&#699;ah al-Adabi&#772;yah,</subfield><subfield code="c">1305 [1887]</subfield></datafield><datafield ind1=" " ind2=" " tag="300"><subfield code="a">online resource (710 pages)</subfield></datafield><datafield ind1=" " ind2=" " tag="336"><subfield code="a">text</subfield><subfield code="2">rdacontent</subfield></datafield><datafield ind1=" " ind2=" " tag="337"><subfield code="a">computer</subfield><subfield code="2">rdamedia</subfield></datafield><datafield ind1=" " ind2=" " tag="338"><subfield code="a">online resource</subfield><subfield code="2">rdacarrier</subfield></datafield><datafield ind1=" " ind2=" " tag="500"><subfield code="a">Includes index.</subfield></datafield><datafield ind1=" " ind2=" " tag="500"><subfield code="a">Part of the Arabic Collections Online (ACO) project, contributed by Cornell University Libraries.</subfield></datafield><datafield ind1=" " ind2=" " tag="533"><subfield code="a">Electronic reproduction.</subfield><subfield code="b">New York, N.Y. :</subfield><subfield code="c">New York University,</subfield><subfield code="d">2015.</subfield><subfield code="5">NNU</subfield></datafield><datafield ind1="1" ind2="0" tag="600"><subfield code="6">880-06</subfield><subfield code="a">Mutanabbi&#772;, Abu&#772; al-T&#803;ayyib Ah&#803;mad ibn al-H&#803;usayn,</subfield><subfield code="d">915 or 916-965.</subfield><subfield code="t">Poems.</subfield></datafield><datafield ind1="0" ind2="7" tag="630"><subfield code="a">Poems (Mutanabbi&#772;, Abu&#772; al-T&#803;ayyib Ah&#803;mad ibn al-H&#803;usayn)</subfield><subfield code="2">fast</subfield><subfield code="0">(OCoLC)fst01790102</subfield></datafield><datafield ind1="1" ind2=" " tag="700"><subfield code="6">880-07</subfield><subfield code="a">Ya&#772;ziji&#772;, Na&#772;s&#803;i&#772;f,</subfield><subfield code="d">1800-1871.</subfield></datafield><datafield ind1="2" ind2=" " tag="710"><subfield code="a">Cornell University.</subfield><subfield code="b">Libraries.</subfield></datafield><datafield ind1="0" ind2=" " tag="730"><subfield code="a">Arabic Collections Online.</subfield></datafield><datafield ind1="0" ind2="8" tag="776"><subfield code="i">Print version:</subfield><subfield code="a">Mutanabbi&#772;, Abu&#772; al-T&#803;ayyib Ah&#803;mad ibn al-H&#803;usayn, 915 or 916-965, author.</subfield><subfield code="t">Kita&#772;b al-&#699;arf al-t&#803;ayyib fi&#772; sharh&#803; di&#772;wa&#772;n Abi&#772; al-T&#803;ayyib</subfield><subfield code="w">(NIC)7683042</subfield><subfield code="w">(OCoLC)13060529</subfield></datafield><datafield ind1="4" ind2="0" tag="856"><subfield code="u">http://hdl.handle.net/2333.1/pvmcvgw8</subfield></datafield><datafield ind1="1" ind2=" " tag="880"><subfield code="6">100-01/r</subfield><subfield code="a">&#1605;&#1578;&#1606;&#1576;&#1610;&#1548; &#1571;&#1576;&#1608; &#1575;&#1604;&#1591;&#1610;&#1576; &#1571;&#1581;&#1605;&#1583; &#1576;&#1606; &#1575;&#1604;&#1581;&#1587;&#1610;&#1606;&#1548; </subfield><subfield code="d">915 or 916-965,</subfield><subfield code="e">author.</subfield></datafield><datafield ind1="1" ind2="0" tag="880"><subfield code="6">240-02/r</subfield><subfield code="a">&#1593;&#1585;&#1601; &#1575;&#1604;&#1591;&#1610;&#1576; &#1601;&#1610; &#1588;&#1585;&#1581; &#1583;&#1610;&#1608;&#1575;&#1606; &#1575;&#1576;&#1610; &#1575;&#1604;&#1591;&#1610;&#1576;</subfield></datafield><datafield ind1="1" ind2="0" tag="880"><subfield code="6">245-03/r</subfield><subfield code="a">&#1603;&#1578;&#1575;&#1576; &#1575;&#1604;&#1593;&#1585;&#1601; &#1575;&#1604;&#1591;&#1610;&#1576; &#1601;&#1610; &#1588;&#1585;&#1581; &#1583;&#1610;&#1608;&#1575;&#1606; &#1571;&#1576;&#1610; &#1575;&#1604;&#1591;&#1610;&#1576;.</subfield></datafield><datafield ind1="3" ind2="0" tag="880"><subfield code="6">246-04/r</subfield><subfield code="a">&#1593;&#1585;&#1601; &#1575;&#1604;&#1591;&#1610;&#1576; &#1601;&#1610; &#1588;&#1585;&#1581; &#1583;&#1610;&#1608;&#1575;&#1606; &#1571;&#1576;&#1610; &#1575;&#1604;&#1591;&#1610;&#1576;</subfield></datafield><datafield ind1=" " ind2="3" tag="880"><subfield code="6">264-05/r</subfield><subfield code="a">&#1576;&#1610;&#1585;&#1608;&#1578; :</subfield><subfield code="b">&#1575;&#1604;&#1605;&#1591;&#1576;&#1593;&#1577; &#1575;&#1604;&#1571;&#1583;&#1576;&#1610;&#1577;&#1548;</subfield><subfield code="c">1305 [1887]</subfield></datafield><datafield ind1="1" ind2="4" tag="880"><subfield code="6">600-06/r</subfield><subfield code="a">&#1605;&#1578;&#1606;&#1576;&#1610;&#1548; &#1575;&#1576;&#1608; &#1575;&#1604;&#1591;&#1610;&#1576; &#1575;&#1581;&#1605;&#1583; &#1576;&#1606; &#1575;&#1604;&#1581;&#1587;&#1610;&#1606;&#1548;</subfield><subfield code="d">915 or 916-965.</subfield><subfield code="t">Poems.</subfield></datafield><datafield ind1="1" ind2=" " tag="880"><subfield code="6">700-07/r</subfield><subfield code="a">&#1610;&#1575;&#1586;&#1580;&#1610;&#1548; &#1606;&#1575;&#1589;&#1610;&#1601;&#1548; </subfield><subfield code="d">1800-1871.</subfield></datafield><datafield ind1=" " ind2=" " tag="959"><subfield code="a">NNU</subfield><subfield code="b">WEB</subfield><subfield code="c">GENI</subfield><subfield code="t">0</subfield><subfield code="m">Electronic access</subfield><subfield code="s">01</subfield></datafield><datafield ind1=" " ind2=" " tag="999"><subfield code="i">NIC_7683042</subfield><subfield code="o">(OCoLC)ocm13060529</subfield><subfield code="e">ok</subfield></datafield></record>